@inproceedings{luo:2014,
author = {Luo, Qingzhou and Hariri, Farah and Eloussi, Lamyaa and Marinov, Darko},
title = {An Empirical Analysis of Flaky Tests},
year = {2014},
isbn = {9781450330565},
publisher = {Association for Computing Machinery},
address = {New York, NY, USA},
url = {https://doi.org/10.1145/2635868.2635920},
doi = {10.1145/2635868.2635920},
booktitle = {Proceedings of the 22nd ACM SIGSOFT International Symposium on Foundations of Software Engineering},
pages = {643â€“653},
numpages = {11},
keywords = {Empirical study, non-determinism, flaky tests},
location = {Hong Kong, China},
series = {FSE 2014}
}